<?xml version="1.0" encoding="utf-8"?>
<record xmlns="http://www.loc.gov/MARC21/slim" xmlns:xsi="http://www.w3.org/2001/XMLSchema-instance" xsi:schemaLocation="http://www.loc.gov/MARC21/slim http://www.loc.gov/standards/marcxml/schema/MARC21slim.xsd">
	<leader>     nam a22     Mi 4500</leader>
	<controlfield tag="001">b13344705</controlfield>
	<controlfield tag="003">UaCaAUL</controlfield>
	<controlfield tag="006">m        d        </controlfield>
	<controlfield tag="007">cr cn |||m|||a</controlfield>
	<controlfield tag="008">200214s1950    ua      ob    000 0 ara d</controlfield>
	<datafield ind1=" " ind2=" " tag="040">
		<subfield code="a">ZYU</subfield>
		<subfield code="b">ara</subfield>
		<subfield code="e">rda</subfield>
		<subfield code="c">ZYU</subfield>
	</datafield>
	<datafield ind1=" " ind2="4" tag="050">
		<subfield code="a">P121</subfield>
		<subfield code="b">.W16 1950</subfield>
	</datafield>
	<datafield ind1="1" ind2=" " tag="100">
		<subfield code="6">880-01</subfield>
		<subfield code="a">Wāfī, ʻAlī ʻAbd al-Wāḥid,</subfield>
		<subfield code="e">author.</subfield>
	</datafield>
	<datafield ind1="1" ind2="0" tag="245">
		<subfield code="6">880-02</subfield>
		<subfield code="a">ʻIlm al-lughah /</subfield>
		<subfield code="c">taʼlīf al-duktūr ʻAlī ʻAbd al-Wāḥid Wāfī, duktūr fī al-Ādāb min Jāmiʻat Bārīs, ustādh bi-Kullīyat al-Ādāb bi-Jāmiʻat Fuʼād al-Awwal.</subfield>
	</datafield>
	<datafield ind1=" " ind2=" " tag="250">
		<subfield code="6">880-03</subfield>
		<subfield code="a">al-Ṭabʻah al-thālithah, mazīdah wa-munaqqaḥah.</subfield>
	</datafield>
	<datafield ind1=" " ind2="1" tag="264">
		<subfield code="6">880-04</subfield>
		<subfield code="a">[Cairo] :</subfield>
		<subfield code="b">multazimat al-ṭabʻ wa-al-nashr Lajnat al-Bayān al-ʻArabī,</subfield>
		<subfield code="c">1369 H, 1950 M.</subfield>
	</datafield>
	<datafield ind1=" " ind2="3" tag="264">
		<subfield code="6">880-05</subfield>
		<subfield code="a">[Cairo] :</subfield>
		<subfield code="b">Maṭbaʻat Aḥmad Mukhaymar,</subfield>
		<subfield code="c">1369 H, 1950 M.</subfield>
	</datafield>
	<datafield ind1=" " ind2=" " tag="300">
		<subfield code="a">online resource (312 pages)</subfield>
	</datafield>
	<datafield ind1=" " ind2=" " tag="336">
		<subfield code="a">text</subfield>
		<subfield code="2">rdacontent</subfield>
	</datafield>
	<datafield ind1=" " ind2=" " tag="337">
		<subfield code="a">computer</subfield>
		<subfield code="2">rdamedia</subfield>
	</datafield>
	<datafield ind1=" " ind2=" " tag="338">
		<subfield code="a">online resource</subfield>
		<subfield code="2">rdacarrier</subfield>
	</datafield>
	<datafield ind1=" " ind2=" " tag="500">
		<subfield code="6">880-06</subfield>
		<subfield code="a">At head of title page: Lajnat al-Bayān al-ʻArabī.</subfield>
	</datafield>
	<datafield ind1=" " ind2=" " tag="500">
		<subfield code="6">880-07</subfield>
		<subfield code="a">Aṭrāhu Majmaʻ Fuʼād al-Awwal lil-Lughah al-ʻArabīyah, wa-taqarrara tadrīsuhu bi-Jāmiʻat Fuʼād al-Awwal.</subfield>
	</datafield>
	<datafield ind1=" " ind2=" " tag="500">
		<subfield code="6">880-08</subfield>
		<subfield code="a">Ḥuqūq al-ṭabʻ maḥfūẓah lil-muʼallif.</subfield>
	</datafield>
	<datafield ind1=" " ind2=" " tag="500">
		<subfield code="a">Includes errata page.</subfield>
	</datafield>
	<datafield ind1=" " ind2=" " tag="500">
		<subfield code="a">Part of the Arabic Collections Online (ACO) project, contributed by American University in Cairo Library.</subfield>
	</datafield>
	<datafield ind1=" " ind2=" " tag="504">
		<subfield code="a">Includes bibliographical references (pages 301-307).</subfield>
	</datafield>
	<datafield ind1=" " ind2=" " tag="533">
		<subfield code="a">Electronic reproduction.</subfield>
		<subfield code="b">New York, N.Y. :</subfield>
		<subfield code="c">New York University,</subfield>
		<subfield code="d">2020.</subfield>
		<subfield code="5">NNU</subfield>
	</datafield>
	<datafield ind1=" " ind2="0" tag="650">
		<subfield code="a">Linguistics.</subfield>
	</datafield>
	<datafield ind1=" " ind2="7" tag="650">
		<subfield code="a">Linguistics.</subfield>
		<subfield code="2">fast</subfield>
		<subfield code="0">(OCoLC)fst00999202</subfield>
	</datafield>
	<datafield ind1="2" ind2=" " tag="710">
		<subfield code="a">American University in Cairo.</subfield>
		<subfield code="b">Library.</subfield>
	</datafield>
	<datafield ind1="0" ind2=" " tag="730">
		<subfield code="a">Arabic Collections Online.</subfield>
	</datafield>
	<datafield ind1="0" ind2="8" tag="776">
		<subfield code="i">Print version:</subfield>
		<subfield code="a">Wāfī, ʻAlī ʻAbd al-Wāḥid, author.</subfield>
		<subfield code="t">ʻIlm al-lughah</subfield>
		<subfield code="w">(UaCaAUL)b13344705</subfield>
		<subfield code="w">(OCoLC)122797370</subfield>
	</datafield>
	<datafield ind1="4" ind2="0" tag="856">
		<subfield code="u">http://hdl.handle.net/2333.1/sqv9sf5x</subfield>
	</datafield>
	<datafield ind1="1" ind2=" " tag="880">
		<subfield code="6">100-01</subfield>
		<subfield code="a">وافي، علي عبد الواحد،</subfield>
		<subfield code="e">author.</subfield>
	</datafield>
	<datafield ind1="1" ind2="0" tag="880">
		<subfield code="6">245-02</subfield>
		<subfield code="a">عالم اللغة /</subfield>
		<subfield code="c">تأليف الدكتور علي عبد الواحد وافي، دكتور في الآداب من جامعة باريس، أستاذ بكلية الآداب بجامعة فؤاد الاول.</subfield>
	</datafield>
	<datafield ind1=" " ind2=" " tag="880">
		<subfield code="6">250-03</subfield>
		<subfield code="a">الطبعة الثالثة، مزيدة ومنقحة.</subfield>
	</datafield>
	<datafield ind1=" " ind2="1" tag="880">
		<subfield code="6">264-04</subfield>
		<subfield code="a">[Cairo] :</subfield>
		<subfield code="b">ملتزمة الطبع والنشر لجنة البيان العربي،</subfield>
		<subfield code="c">1369 ه، 1950 م.</subfield>
	</datafield>
	<datafield ind1=" " ind2="3" tag="880">
		<subfield code="6">264-05</subfield>
		<subfield code="a">[Cairo] :</subfield>
		<subfield code="b">مطبعة أحمد مخيمر،</subfield>
		<subfield code="c">1369 ه، 1950 م.</subfield>
	</datafield>
	<datafield ind1=" " ind2=" " tag="880">
		<subfield code="6">500-06</subfield>
		<subfield code="a">Ahead of title page: لجنة البيان العربي.</subfield>
	</datafield>
	<datafield ind1=" " ind2=" " tag="880">
		<subfield code="6">500-07</subfield>
		<subfield code="a">أطراه مجمع فؤاد الأول لللغة العربية، وتقرر تدريسه بجامعة فؤاد الأول.</subfield>
	</datafield>
	<datafield ind1=" " ind2=" " tag="880">
		<subfield code="6">500-08</subfield>
		<subfield code="a">حقوق الطبع محفوظة للمؤلف.</subfield>
	</datafield>
	<datafield ind1=" " ind2=" " tag="959">
		<subfield code="a">NNU</subfield>
		<subfield code="b">WEB</subfield>
		<subfield code="c">GENI</subfield>
		<subfield code="t">0</subfield>
		<subfield code="m">Electronic access</subfield>
		<subfield code="s">01</subfield>
	</datafield>
	<datafield ind1=" " ind2=" " tag="999">
		<subfield code="i">UaCaAUL_b13344705</subfield>
		<subfield code="o">(OCoLC)ocn122797370</subfield>
		<subfield code="s">auc_aco000840</subfield>
		<subfield code="s">auc_aco000840</subfield>
	</datafield>
</record>
